<record><leader>00000cas a2200000 a 4500</leader><controlfield tag="001">19052393</controlfield><controlfield tag="008">890123d19001972tnuwr ne      0    0eng d</controlfield><datafield ind1=" " ind2=" " tag="010"><subfield code="a">sn 89058104 </subfield></datafield><datafield ind1=" " ind2=" " tag="040"><subfield code="a">KNP</subfield><subfield code="b">eng</subfield><subfield code="c">KNP</subfield><subfield code="d">TGN</subfield><subfield code="d">OCL</subfield><subfield code="d">OCLCQ</subfield><subfield code="d">OCLCF</subfield><subfield code="d">OCLCO</subfield></datafield><datafield ind1="1" ind2=" " tag="029"><subfield code="a">AU@</subfield><subfield code="b">000013902321</subfield></datafield><datafield ind1=" " ind2=" " tag="042"><subfield code="a">msc</subfield></datafield><datafield ind1=" " ind2=" " tag="043"><subfield code="a">n-us-tn</subfield></datafield><datafield ind1="0" ind2=" " tag="130"><subfield code="a">Harriman record (Harriman, Tenn. : 1900)</subfield></datafield><datafield ind1="1" ind2="4" tag="245"><subfield code="a">The Harriman record.</subfield></datafield><datafield ind1=" " ind2=" " tag="260"><subfield code="a">Harriman, Tenn. :</subfield><subfield code="b">Wesley M. Featherly</subfield></datafield><datafield ind1=" " ind2=" " tag="300"><subfield code="a">v. :</subfield><subfield code="b">ill.</subfield></datafield><datafield ind1=" " ind2=" " tag="310"><subfield code="a">Weekly</subfield></datafield><datafield ind1="1" ind2=" " tag="362"><subfield code="a">Began in 1900; ceased in 1972.</subfield></datafield><datafield ind1=" " ind2=" " tag="580"><subfield code="a">Continues: Harriman daily advance, and: Harriman weekly advance, after they were purchased by W.M. Featherly and the daily edition was discontinued.</subfield></datafield><datafield ind1=" " ind2=" " tag="588"><subfield code="a">Description based on: Mar. 27, 1903.</subfield></datafield><datafield ind1=" " ind2="0" tag="651"><subfield code="a">Harriman (Tenn.)</subfield><subfield code="v">Newspapers.</subfield></datafield><datafield ind1=" " ind2="0" tag="651"><subfield code="a">Roane County (Tenn.)</subfield><subfield code="v">Newspapers.</subfield></datafield><datafield ind1=" " ind2="7" tag="655"><subfield code="a">Newspapers.</subfield><subfield code="2">fast</subfield><subfield code="0">(OCoLC)fst01423814</subfield></datafield><datafield ind1=" " ind2="7" tag="651"><subfield code="a">Tennessee</subfield><subfield code="z">Harriman.</subfield><subfield code="2">fast</subfield><subfield code="0">(OCoLC)fst01228852</subfield></datafield><datafield ind1=" " ind2="7" tag="651"><subfield code="a">Tennessee</subfield><subfield code="z">Roane County.</subfield><subfield code="2">fast</subfield><subfield code="0">(OCoLC)fst01223283</subfield></datafield><datafield ind1=" " ind2=" " tag="752"><subfield code="a">United States</subfield><subfield code="b">Tennessee</subfield><subfield code="c">Roane</subfield><subfield code="d">Harriman.</subfield></datafield><datafield ind1="1" ind2="0" tag="780"><subfield code="t">Harriman daily advance</subfield><subfield code="w">(DLC)sn 87091103</subfield></datafield><datafield ind1="1" ind2="0" tag="780"><subfield code="t">Harriman weekly advance</subfield><subfield code="w">(DLC)sn 98069788</subfield></datafield><datafield ind1="0" ind2="5" tag="780"><subfield code="t">East Tennessean (Kingston, Tenn.)</subfield><subfield code="g">1906</subfield><subfield code="w">(DLC)sn 97065165</subfield></datafield><datafield ind1="0" ind2="4" tag="785"><subfield code="t">Today's news (Harriman, Tenn.)</subfield><subfield code="w">(DLC)sn 98069783</subfield></datafield></record>